%%% ====================================================================
%%%  BibTeX-file{
%%%     author          = "David Rhead",
%%%     version         = "1.00",
%%%     date            = "17 Feb 1990",
%%%     time            = "17:00 GMT",
%%%     filename        = "test.bib",
%%%     address         = "Cripps Computing Centre,
%%%                        University of Nottingham,
%%%                        University Park,
%%%                        Nottingham,
%%%                        NG7 2RD,
%%%                        United Kingdom",
%%%     telephone       = "+44 602 484848 Ext 2670",
%%%     FAX             = "+44 602 588138",
%%%     checksum        = "05151 839 2908 25082",
%%%     email           = "David_Rhead at uk.ac.nott.vme (JANET)",
%%%     codetable       = "ISO/ASCII",
%%%     keywords        = "bibliography, citation, references",
%%%     supported       = "no",
%%%     docstring       = "This BibTeX database file contains entries
%%%                        designed for testing whether a BibTeX style
%%%                        file lays references out as recommended by
%%%                        certain authorities.  (Note, however, that
%%%                        the BS 1629 examples are from the 1976
%%%                        edition.  The file needs updating to use
%%%                        examples from the 1989 edition instead.)
%%%
%%%                        The checksum field above contains a CRC-16
%%%                        checksum as the first value, followed by the
%%%                        equivalent of the standard UNIX wc (word
%%%                        count) utility output of lines, words, and
%%%                        characters.  This is produced by Robert
%%%                        Solovay's checksum utility.",
%%%  }
%%% ====================================================================


%% @COMMENT{Some standard works describing conventions for citations
%%      and bibliographies}

@inproceedings{Davidson2017AutomatedHS,
	title="Automated Hate Speech Detection and the Problem of Offensive Language",
	author="Thomas J Davidson and Dana Warmsley and Michael W. Macy and Ingmar Weber",
	booktitle="ICWSM",
	year="2017"
}

@InProceedings{Schmidt2017SurveyHS,
	author = 	"Anna Schmidt and  Michael Wiegand",
	title = 	"A Survey on Hate Speech Detection using Natural Language Processing",
	booktitle = "Proceedings of the Fifth International Workshop on Natural Language Processing for Social Media",
	year = 	"2017",
	publisher = "Association for Computational Linguistics",
	pages = 	"1--10",
	location = 	"Valencia, Spain",
	url = 	"http://aclweb.org/anthology/W17-1101"
}

@Article{LuoALPlankton
	author= "Tong Luo and Kurt Kramer and Dmitry B. Goldgof and Lawrence O. Hall and Scott Samson and Andrew Remsen and Thomas Hopkins",
	year = "2005",
	title = "Active Learning to Recognize Multiple Types of Plankton",
	journal = "Journal of Machine Learning Research",
	month = "April",
	pages = "589--613"
}
@InProceedings{WaseemUnderstandingAbuse,
	author = 	"Zeerak Waseem and Thomas Davidson and Dana Warmsley and Ingmar Weber",
	title = 	"Understanding Abuse: A Typology of Abusive Language Detection Subtasks",
	booktitle = "Proceedings of the First Workshop on Abusive Language Online",
	year = 	"2017",
	publisher = "Association for Computational Linguistics",
	pages = "78--84",
	location = "Vancouver, BC, Canada",
	url = 	"http://aclweb.org/anthology/W17-3012"
}

@inproceedings{YangMultiClassAL,
	author = "Bishan Yang and Jian-Tao Sun and Tengjiao Wang and Zheng Chen",
	title = "Effective Multi-label Active Learning for Text Classification",
	booktitle = "Proceedings of the 15th ACM SIGKDD International Conference on Knowledge Discovery and Data Mining",
	year = "2009",
	pages = "917--926",
	publisher = "ACM"
}
@Inbook{ChenSVMFeatures,
	author="Yi-Wei Chen and Chih-Jen Lin",
	title="Combining SVMs with Various Feature Selection Strategies",
	bookTitle="Feature Extraction: Foundations and Applications",
	year="2006",
	publisher="Springer Berlin Heidelberg",
	pages="315--324"
}